<?xml version="1.0" encoding="UTF-8"?>
<collection xmlns:xsi="http://www.w3.org/2001/XMLSchema-instance" xsi:schemaLocation="http://www.loc.gov/MARC21/slim http://www.loc.gov/standards/marcxml/schema/MARC21slim.xsd" xmlns="http://www.loc.gov/MARC21/slim">
<record>
  <leader>01822cam a2200361 a 4500</leader>
  <controlfield tag="001">3073796</controlfield>
  <controlfield tag="003">NNC</controlfield>
  <controlfield tag="005">20150920222920.0</controlfield>
  <controlfield tag="008">821108r19641899iq            000 0 ara  </controlfield>
  <datafield tag="010" ind1=" " ind2=" ">
    <subfield code="a">ne 65000644 //r</subfield>
  </datafield>
  <datafield tag="025" ind1=" " ind2=" ">
    <subfield code="a">PL480:UAR-5165</subfield>
  </datafield>
  <datafield tag="035" ind1=" " ind2=" ">
    <subfield code="a">(OCoLC)504989340</subfield>
  </datafield>
  <datafield tag="035" ind1=" " ind2=" ">
    <subfield code="a">(OCoLC)ocn504989340</subfield>
  </datafield>
  <datafield tag="035" ind1=" " ind2=" ">
    <subfield code="9">ATP6937CU</subfield>
  </datafield>
  <datafield tag="035" ind1=" " ind2=" ">
    <subfield code="a">(NNC)3073796</subfield>
  </datafield>
  <datafield tag="040" ind1=" " ind2=" ">
    <subfield code="a">DLC</subfield>
    <subfield code="c">TKN</subfield>
    <subfield code="d">TKN</subfield>
    <subfield code="d">CUY</subfield>
    <subfield code="d">RPB</subfield>
    <subfield code="d">UaCaAUL</subfield>
    <subfield code="d">UkMaJRU</subfield>
  </datafield>
  <datafield tag="050" ind1="0" ind2=" ">
    <subfield code="a">BP191</subfield>
    <subfield code="b">.I16</subfield>
  </datafield>
  <datafield tag="066" ind1=" " ind2=" ">
    <subfield code="c">(3</subfield>
  </datafield>
  <datafield tag="100" ind1="1" ind2=" ">
    <subfield code="6">880-01</subfield>
    <subfield code="a">Ibn Ḥazm, ʻAlī ibn Aḥmad,</subfield>
    <subfield code="d">994-1064.</subfield>
  </datafield>
  <datafield tag="240" ind1="1" ind2="0">
    <subfield code="6">880-02</subfield>
    <subfield code="a">Faṣl fī al-milal wa-al-niḥal</subfield>
  </datafield>
  <datafield tag="245" ind1="1" ind2="0">
    <subfield code="6">880-03</subfield>
    <subfield code="a">Kitāb al-faṣl fī al-milal wa-al-ahwāʾ wa-al-niḥal /</subfield>
    <subfield code="c">taṣnīf Abī Muḥammad ʻAlī Ibn Ḥazm al-Andalusī al-Ẓāhirī. Wa-bi-hāmishih Kitāb al-milal wa-al-niḥal / li-Abī al-Fatḥ ʻAbd al-Karīm al-Shahrastānī.</subfield>
  </datafield>
  <datafield tag="260" ind1=" " ind2=" ">
    <subfield code="6">880-04</subfield>
    <subfield code="a">Baghdad :</subfield>
    <subfield code="b">Maktabat al-Muthannā,</subfield>
    <subfield code="c">[1964?]</subfield>
  </datafield>
  <datafield tag="300" ind1=" " ind2=" ">
    <subfield code="a">5 v. in 2. ;</subfield>
    <subfield code="c">30 cm.</subfield>
  </datafield>
  <datafield tag="534" ind1=" " ind2=" ">
    <subfield code="p">Reprint. Originally published :</subfield>
    <subfield code="c">Cairo : [s.n.], 1899-1903.</subfield>
  </datafield>
  <datafield tag="650" ind1=" " ind2="0">
    <subfield code="a">Islamic sects.</subfield>
  </datafield>
  <datafield tag="700" ind1="1" ind2=" ">
    <subfield code="6">880-05</subfield>
    <subfield code="a">Shahrastānī, Muḥammad ibn ʻAbd al-Karīm,</subfield>
    <subfield code="d">1086?-1153.</subfield>
    <subfield code="t">Milal wa-al-niḥal.</subfield>
  </datafield>
  <datafield tag="880" ind1="1" ind2=" ">
    <subfield code="6">100-01/(3/r</subfield>
    <subfield code="a">ابن حزم، علي أحمد،</subfield>
    <subfield code="d">994-1064.</subfield>
  </datafield>
  <datafield tag="880" ind1="1" ind2="0">
    <subfield code="6">240-02/(3/r</subfield>
    <subfield code="a">فصل في الملل والنحل</subfield>
  </datafield>
  <datafield tag="880" ind1="1" ind2="0">
    <subfield code="6">245-03/(3/r</subfield>
    <subfield code="a">كتاب الفصل في الملل والنحل /</subfield>
    <subfield code="c">تصنيف أبي محمد علي بن حزم الأندلسي الظاهري. وبهامشه كتاب الملل والنحل / لأبي الفتح عبد الكريم الشهرستاني.</subfield>
  </datafield>
  <datafield tag="880" ind1=" " ind2=" ">
    <subfield code="6">260-04/(3/r</subfield>
    <subfield code="a">بغداد :</subfield>
    <subfield code="b">مكتبة المثنى،</subfield>
    <subfield code="c">[١٩٦٤؟]</subfield>
  </datafield>
  <datafield tag="880" ind1="1" ind2=" ">
    <subfield code="6">700-05/(3/r</subfield>
    <subfield code="a">شهرستاني، محمد بن عبد الكريم,</subfield>
    <subfield code="d">1086?-1153.</subfield>
    <subfield code="t">ملل والنحل.</subfield>
  </datafield>
  <datafield tag="955" ind1=" " ind2=" ">
    <subfield code="b">0023548584</subfield>
    <subfield code="d">glx</subfield>
    <subfield code="e">893.796 Ib51</subfield>
    <subfield code="v">v.1-2</subfield>
  </datafield>
</record>
</collection>